@article{sugiyama,
  author = "Y. Sugiyama et al.",
  year = "2008",
  title = "Traffic Jam without Bottlenecks",
  journal = "New Journal of Physics",
  volume = "10",
  number = "033001"
}

@article{idm,
  author = "M. Treiber, A. Hennecke, D.Helbing",
  year = "2000",
  title = "Congested Traffic States in Empirical Observations and Microscopic
Simulations",
  journal = "Physical Review",
  volume = "E 62",
  pages = "1805--1824"
}

@misc{vagverket,
    author = "Swedish Ministry of Enterprise, Energy and Communications",
    year = "2009",
    title = "Regleringsbrev för budgetåret 2009 avseende Vägverket inom utgiftområde 22 Kommunikationer",
    note = "N2008/1691/IR"
}

@article{mit,
    author = "M. R. Flynn, A. R. Kasimov, J.-C. Nave, R. R. Rosales, and B.
Seibold",
    year = "2009",
    title = "Self-sustained nonlinear waves in traffic flow"
    journal = "Physical Review"
    volume = "E 79",
    number = "056113"
}

